@article{echeverria2022,
    author = {Echeverría, L. and Rucci, G.},
    title = {El futuro del trabajo en América Latina y el Caribe: ¿Qué habilidades y educación se necesitan?},
    journal = {Banco Interamericano de Desarrollo},
    year = {2022}
}

@report{azuara2022,
    author = {Azuara, O. and others},
    title = {COVID-19 y el mercado laboral en América Latina: diagnóstico y políticas},
    institution = {Banco Interamericano de Desarrollo},
    year = {2022}
}

@techreport{rubio2025,
    author = {Rubio Arrubla, Juan Felipe},
    title = {Demanda de habilidades tecnológicas: evidencia desde el mercado laboral colombiano},
    institution = {Universidad de los Andes, Centro de Estudios sobre Desarrollo Económico (CEDE)},
    year = {2025},
    type = {Documento CEDE},
    number = {2025-18},
    month = {Junio}
}

@article{aguilera2018,
    author = {Aguilera, M. and Méndez, S.},
    title = {Análisis del mercado laboral TI en Argentina mediante web scraping},
    journal = {Revista Argentina de Informática},
    year = {2018}
}

@mastersthesis{martinez2024,
    author = {Martínez Sánchez, C.},
    title = {Demanda de habilidades digitales en México: un análisis empírico},
    school = {UNAM},
    year = {2024}
}

@article{cardenas2015,
    author = {Cárdenas Rubio, J. and others},
    title = {Análisis del mercado laboral colombiano mediante técnicas de minería de texto},
    journal = {Revista Colombiana de Computación},
    year = {2015}
}

@inproceedings{campos2024,
    author = {Campos-Vázquez, R. and Martínez Sánchez, C.},
    title = {Skill Mismatch in the Mexican Labor Market},
    booktitle = {Proceedings of the Labor Economics Conference},
    year = {2024}
}

@article{orozco2019,
    author = {Orozco Puello, C. and Gómez Estrada, H.},
    title = {Web Scraping: técnicas y aplicaciones para análisis de datos},
    journal = {Revista Colombiana de Tecnologías de Avanzada},
    year = {2019}
}

@misc{herandi2024,
    author = {Herandi, Arbi and Li, Yiming and Liu, Zhiyang and Hu, Xiangliang and Cai, Xiaoqian},
    title = {Skill-LLM: Repurposing general-purpose LLMs for skill extraction},
    year = {2024},
    month = {October},
    eprint = {2410.12052},
    archivePrefix = {arXiv},
    doi = {10.48550/arXiv.2410.12052}
}

@article{lukauskas2023,
    author = {Lukauskas, Mantas and Šarkauskaitė, Vitalija and Pilinkienė, Vaida and Stundžienė, Alina and Grybauskas, Andrius and Bruneckienė, Jurgita},
    title = {Enhancing skills demand understanding through job ad segmentation using NLP and clustering techniques},
    journal = {Applied Sciences},
    year = {2023},
    volume = {13},
    number = {10},
    pages = {6119},
    month = {May},
    doi = {10.3390/app13106119}
}

@article{kavargyris2025,
    author = {Kavargyris, Dimitrios C. and Georgiou, Konstantinos and Papaioannou, Eleni and Petrakis, Konstantinos and Mittas, Nikolaos and Angelis, Lefteris},
    title = {ESCOX: A tool for skill and occupation extraction using LLMs from unstructured text},
    journal = {Software Impacts},
    year = {2025},
    month = {June},
    doi = {10.1016/j.simpa.2025.100772}
}

@inproceedings{kavas2024,
    author = {Kavas, Hasan and Serra-Vidal, Marta and Wanner, Leo},
    title = {Enhancing job posting classification with multilingual embeddings and large language models},
    booktitle = {Proceedings of the 10th Italian Conference on Computational Linguistics (CLiC-it 2024)},
    year = {2024},
    pages = {440--450},
    address = {Pisa, Italia},
    doi = {10.18653/v1/2024.clicit-1.53}
}

@inproceedings{zhang2022,
    author = {Zhang, Mike and Jensen, Kristian Nørgaard and Sonniks, Sif Dam and Plank, Barbara},
    title = {SKILLSPAN: Hard and Soft Skill Extraction from English Job Postings},
    booktitle = {Proceedings of the 2022 Conference of the North American Chapter of the Association for Computational Linguistics: Human Language Technologies},
    year = {2022},
    pages = {4962--4984},
    publisher = {Association for Computational Linguistics},
    doi = {10.18653/v1/2022.naacl-main.366}
}

@inproceedings{kavas2025,
    author = {Kavas, Hasan and Serra-Vidal, Marta and Wanner, Leo},
    title = {Multilingual skill extraction for job vacancy–job seeker matching in knowledge graphs},
    booktitle = {Proceedings of the Workshop on Generative AI and Knowledge Graphs (GenAIK)},
    year = {2025},
    pages = {146--155},
    address = {Abu Dhabi, UAE},
    publisher = {International Committee on Computational Linguistics},
    url = {https://aclanthology.org/2025.genaik-1.15/}
}

@inproceedings{nguyen2024,
    author = {Nguyen, Khang Cuong and Zhang, Mike and Montariol, Syrielle and Bosselut, Antoine},
    title = {Rethinking Skill Extraction in the Job Market Domain using Large Language Models},
    booktitle = {Proceedings of the First Workshop on Natural Language Processing for Human Resources (NLP4HR 2024)},
    year = {2024},
    pages = {27--42},
    editor = {Hruschka, Estevam and Lake, Thomas and Otani, Naoki and Mitchell, Tom},
    publisher = {Association for Computational Linguistics},
    doi = {10.18653/v1/2024.nlp4hr-1.3}
}

@article{orozco2019webscraping,
    author = {Orozco Puello, C. and Gómez Estrada, H.},
    title = {Web Scraping: técnicas y aplicaciones para análisis de datos},
    journal = {Revista Colombiana de Tecnologías de Avanzada},
    year = {2019}
}
